%%============================================================================%%
%% while using chicago reference style, both abbreviated and expanded form of %%
%% author name format is acceptable. Refer below example for expanded form    %%
%%============================================================================%%

%%  author		= "{Cameron, Deborah}", - single author
%%  author		= "{Saito, Yukio} and {Hyuga, Hiroyuki}", - double author 

%%======================================%%
%% Example for author names with suffix %%
%%======================================%%

%%  author		= "{Price, R. A. Jr} and {Curry, N. {III}} and McCann, K. E. and 
%%					Fielding, J. L. and {Abercrombie, E. Jr}",
@article{abraham1992tapping,
  title={Tapping of Hevea brasiliensis},
  author={Abraham, PD},
  journal={Natural Rubber},
  pages={263},
  year={1992}
}

@article{Wongtanawijit_2021, 
  doi = {10.1007/s11042-021-11140-3}, 
  url = {https://doi.org/10.1007%2Fs11042-021-11140-3}, 
  year = 2021, 
  month = {jun}, 
  publisher = {Springer Science and Business Media {LLC}}, 
  author = {Rattachai Wongtanawijit and Thanate Khaorapapong}, 
  title = {Nighttime rubber tapping line detection in near-range images}, 
  journal = {Multimedia Tools and Applications} 
}

@misc{patent1,
  author        = {An Feng, Lin Weifu},
  title         = "Automatic integrated rubber tapping and collecting method based on image identification and automatic integrated rubber tapping and collecting device based on image identification",
  nationality   = "Chinese",
  number        = "CN105494031A",
  day           = "09",
  month         = oct,
  year          = "2018"
}

@misc{patent2,
  author        = {An Feng, Lin Weifu},
  title         = "A kind of integrated automatic rubber tapping receipts gluing method and device based on image recognition",
  nationality   = "Chinese",
  number        = "CN105494031B",
  day           = "09",
  month         = oct,
  year          = "2018"
}

@misc{patent3,
  author        = {Zhang Bin, Wang Xuelei},
  title         = "One kind rubber tapping robot",
  nationality   = "Chinese",
  number        = "CN107494194A",
  day           = "22",
  month         = dec,
  year          = "2017"
}

@article{redmonyolov3,
  author    = {Joseph Redmon and Ali Farhadi},
  title     = {YOLOv3: An Incremental Improvement},
  journal   = {CoRR},
  volume    = {abs/1804.02767},
  year      = {2018},
  eprinttype = {arXiv},
  eprint    = {1804.02767},
  timestamp = {Mon, 13 Aug 2018 16:48:24 +0200},
  biburl    = {https://dblp.org/rec/journals/corr/abs-1804-02767.bib},
  bibsource = {dblp computer science bibliography, https://dblp.org}
}

@article{redmonyolov2,
  author    = {Joseph Redmon and
               Ali Farhadi},
  title     = {{YOLO9000:} Better, Faster, Stronger},
  journal   = {CoRR},
  volume    = {abs/1612.08242},
  year      = {2016},
  eprinttype = {arXiv},
  eprint    = {1612.08242},
  timestamp = {Mon, 13 Aug 2018 16:48:25 +0200},
  biburl    = {https://dblp.org/rec/journals/corr/RedmonF16.bib},
  bibsource = {dblp computer science bibliography, https://dblp.org}
}

@article{redmonyolov1,
  author    = {Joseph Redmon and
               Santosh Kumar Divvala and
               Ross B. Girshick and
               Ali Farhadi},
  title     = {You Only Look Once: Unified, Real-Time Object Detection},
  journal   = {CoRR},
  volume    = {abs/1506.02640},
  year      = {2015},
  eprinttype = {arXiv},
  eprint    = {1506.02640},
  timestamp = {Mon, 13 Aug 2018 16:48:08 +0200},
  biburl    = {https://dblp.org/rec/journals/corr/RedmonDGF15.bib},
  bibsource = {dblp computer science bibliography, https://dblp.org}
}

@article{alexyyolov4,
  author    = {Alexey Bochkovskiy and
               Chien{-}Yao Wang and
               Hong{-}Yuan Mark Liao},
  title     = {YOLOv4: Optimal Speed and Accuracy of Object Detection},
  journal   = {CoRR},
  volume    = {abs/2004.10934},
  year      = {2020},
  eprinttype = {arXiv},
  eprint    = {2004.10934},
  timestamp = {Tue, 28 Apr 2020 16:10:02 +0200},
  biburl    = {https://dblp.org/rec/journals/corr/abs-2004-10934.bib},
  bibsource = {dblp computer science bibliography, https://dblp.org}
}

@inproceedings{casenet,
  author    = {Zhiding Yu and
               Chen Feng and
               Ming{-}Yu Liu and
               Srikumar Ramalingam},
  title     = {CASENet: Deep Category-Aware Semantic Edge Detection},
  booktitle = {2017 {IEEE} Conference on Computer Vision and Pattern Recognition,
               {CVPR} 2017, Honolulu, HI, USA, July 21-26, 2017},
  pages     = {1761--1770},
  publisher = {{IEEE} Computer Society},
  year      = {2017},
  doi       = {10.1109/CVPR.2017.191},
  timestamp = {Wed, 16 Oct 2019 14:14:50 +0200},
  biburl    = {https://dblp.org/rec/conf/cvpr/YuF0R17.bib},
  bibsource = {dblp computer science bibliography, https://dblp.org}
}

@InProceedings{unet,
  author="Ronneberger, Olaf
  and Fischer, Philipp
  and Brox, Thomas",
  editor="Navab, Nassir
  and Hornegger, Joachim
  and Wells, William M.
  and Frangi, Alejandro F.",
  title="U-Net: Convolutional Networks for Biomedical Image Segmentation",
  booktitle="Medical Image Computing and Computer-Assisted Intervention -- MICCAI 2015",
  year="2015",
  publisher="Springer International Publishing",
  address="Cham",
  pages="234--241",
  isbn="978-3-319-24574-4"
}

@article{vnet,
  author    = {Fausto Milletari and
               Nassir Navab and
               Seyed{-}Ahmad Ahmadi},
  title     = {V-Net: Fully Convolutional Neural Networks for Volumetric Medical
               Image Segmentation},
  journal   = {CoRR},
  volume    = {abs/1606.04797},
  year      = {2016},
  eprinttype = {arXiv},
  eprint    = {1606.04797},
  timestamp = {Mon, 13 Aug 2018 16:48:14 +0200},
  biburl    = {https://dblp.org/rec/journals/corr/MilletariNA16.bib},
  bibsource = {dblp computer science bibliography, https://dblp.org}
}

@article{segnet,
  author    = {Vijay Badrinarayanan and
               Alex Kendall and
               Roberto Cipolla},
  title     = {SegNet: {A} Deep Convolutional Encoder-Decoder Architecture for Image
               Segmentation},
  journal   = {CoRR},
  volume    = {abs/1511.00561},
  year      = {2015},
  eprinttype = {arXiv},
  eprint    = {1511.00561},
  timestamp = {Mon, 13 Aug 2018 16:46:06 +0200},
  biburl    = {https://dblp.org/rec/journals/corr/BadrinarayananK15.bib},
  bibsource = {dblp computer science bibliography, https://dblp.org}
}

@article{fastrcnn,
  author    = {Ross B. Girshick},
  title     = {Fast {R-CNN}},
  journal   = {CoRR},
  volume    = {abs/1504.08083},
  year      = {2015},
  url       = {http://arxiv.org/abs/1504.08083},
  eprinttype = {arXiv},
  eprint    = {1504.08083},
  timestamp = {Mon, 13 Aug 2018 16:49:11 +0200},
  biburl    = {https://dblp.org/rec/journals/corr/Girshick15.bib},
  bibsource = {dblp computer science bibliography, https://dblp.org}
}

@article{fasterrcnn,
  author    = {Shaoqing Ren and
               Kaiming He and
               Ross B. Girshick and
               Jian Sun},
  title     = {Faster {R-CNN:} Towards Real-Time Object Detection with Region Proposal
               Networks},
  journal   = {CoRR},
  volume    = {abs/1506.01497},
  year      = {2015},
  eprinttype = {arXiv},
  eprint    = {1506.01497},
  timestamp = {Mon, 13 Aug 2018 16:46:02 +0200},
  biburl    = {https://dblp.org/rec/journals/corr/RenHG015.bib},
  bibsource = {dblp computer science bibliography, https://dblp.org}
}

@article{maskrcnn,
  author    = {Kaiming He and
               Georgia Gkioxari and
               Piotr Doll{\'{a}}r and
               Ross B. Girshick},
  title     = {Mask {R-CNN}},
  journal   = {CoRR},
  volume    = {abs/1703.06870},
  year      = {2017},
  eprinttype = {arXiv},
  eprint    = {1703.06870},
  timestamp = {Mon, 13 Aug 2018 16:46:36 +0200},
  biburl    = {https://dblp.org/rec/journals/corr/HeGDG17.bib},
  bibsource = {dblp computer science bibliography, https://dblp.org}
}

